@Book{cupicMetaheuristike,
    author = {Marko Čupić},
    title = {Prirodom inspirirani optimizacijski algoritmi. Metaheuristike.},
    url = {http://java.zemris.fer.hr/nastava/pioa/knjiga-0.1.2013-12-30.pdf},
	year = {2013},
	publisher = {Fakultet elektroethnike i računarstva, Zagreb}
}

@Manual{ecfManual,
  title = 	 {Evolutionary Computation Framework},
  author = 	 {Domagoj Jakobović},
  url = 	 {http://ecf.zemris.fer.hr/}
}

@Book{evolutionaryInBio,
  author = 	 {Gary B. Fogel and David W. Corne},
  title = 	 {Evolutionary Computing in Bioinformatics},
  publisher = 	 {Morgan Kufmann Publishers},
  year = 	 {2003}
}

@Book{bioinformatikaSkripta,
  author = "Mile Šikić and Mirjana Domazet-Lošo",
  title = {Bioinformatika},
  year = {2013},
  publisher = {Fakultet elektroethnike i računarstva, Zagreb},
  url = {https://www.fer.unizg.hr/_download/repository/bioinformatika_skripta_v1.2.pdf}

}

@Book{gaSkripta,
  author = {Marin Golub},
  title = {Genetski algoritam Prvi dio},
  year = {2010},
  url = {http://www.zemris.fer.hr/~golub/ga/ga_skripta1.pdf},
  publisher = {Fakultet elektroethnike i računarstva, Zagreb}

}

@Book{gaSkripta2,
  author = {Marin Golub},
  title = {Genetski algoritam Drugi dio},
  year = {2004},
  url = {http://www.zemris.fer.hr/~golub/ga/ga_skripta2.pdf},
  publisher = {Fakultet elektroethnike i računarstva, Zagreb}

}

@Book{neizrazito,
  author = {Marin Golub, Marko Čupić, Bojana Dalbelo-Bašić},
  title = {Neizrazito, evolucijsko i neurora£unarstvo},
  year = {2013},
  url = {http://java.zemris.fer.hr/nastava/nenr/knjiga-0.1.2013-08-12.pdf},
  publisher = {Fakultet elektroethnike i računarstva, Zagreb}

}

@article{applicationOfBioinformatics,
  author = {Amie Judith Radenbaugh},
  title = {Applications of genetic algorithms in bioinformatics},
  year = {2008},
  url = {https://scholarworks.sjsu.edu/cgi/viewcontent.cgi?article=4491&context=etd_theses},
  publisher = {The Faculty of the Department of Computer Science, San Jose State University}

}

@article{hernandez,
  author = {Hernandez D. and Grass R. and Appel R.},
  title = {MoDEL: an efficient strategy for ungapped local multiple alignment},
  year = {2004},
  publisher = {Computational Biology and Chemistry}

}

@article{wikiGen,
  title = {Wikipedia Gene Prediction},
  url = {https://en.wikipedia.org/wiki/File:Gene-structure.svg}

}

@article{wikiORF,
  title = {Wikipedia ORF},
  url = {https://en.wikipedia.org/wiki/Multiple\_sequence\_alignment}
 }



@article{horng,
  author = {Horng J.T. and Wu L.C. and Lin C.M.},
  title = {A genetic algorithm for multiple sequence alignment},
  year = {2005},
  publisher = {Soft Computing}

}

@article{wang,
  author = {Wang C. and Lefkowitz E.J.},
  title = {Genomic multiple sequence alignments: Refinement using a genetic algorithm.},
  year = {2005},
  publisher = {BMC Bioinformatics}

}

@article{shyu,
  author = {Shyu C. and Sheneman L. and Foster J.A},
  title = {Multiple sequence alignment with evolutionary computation},
  year = {2004},
  publisher = {Genetic Programming and Evolvable Machines}

}

@article{thompson,
  author = {Thompson J.D.},
  title = {CLUSTAL W: improving the sensitivity of progressive multiple sequence alignment through sequence weighting, position-specific gap penalties and weight matrix choice},
  year = {1994}

}
